<?xml version="1.0" encoding="UTF-8"?>
<?oxygen RNGSchema="http://socialarchive.iath.virginia.edu/shared/cpf.rng" type="xml"?>
<eac-cpf xmlns="urn:isbn:1-931666-33-4">
   <control>
      <recordId>CtY-BR-8869893.c</recordId>
      <maintenanceStatus>new</maintenanceStatus>
      <maintenanceAgency>
         <agencyName>SNAC: Social Networks and Archival Context Project</agencyName>
      </maintenanceAgency>
      <languageDeclaration>
         <language languageCode="eng">English</language>
         <script scriptCode="Zyyy">Unknown</script>
      </languageDeclaration>
      <maintenanceHistory>
         <maintenanceEvent>
            <eventType>created</eventType>
            <eventDateTime standardDateTime="2015-01-21T16:33:23.875-05:00"/>
            <agentType>machine</agentType>
            <agent>XSLT oclc_marc2cpf.xsl Saxonica 2.0 http://www.saxonica.com/</agent>
            <eventDescription>Derived from MARC</eventDescription>
         </maintenanceEvent>
      </maintenanceHistory>
      <sources>
         <source xmlns:xlink="http://www.w3.org/1999/xlink"
                 xlink:href="http://www.worldcat.org/oclc/8869893"
                 xlink:type="simple">
            <objectXMLWrap>
               <marc:record xmlns:xsi="http://www.w3.org/2001/XMLSchema-instance"
                            xmlns:marc="http://www.loc.gov/MARC21/slim">
                  <marc:leader>03773cpcaa2200541 a 4500</marc:leader>
                  <marc:controlfield tag="001">8869893</marc:controlfield>
                  <marc:controlfield tag="005">20110505164630.0</marc:controlfield>
                  <marc:controlfield tag="008">090624i19321941ctu                 eng d</marc:controlfield>
                  <marc:datafield tag="035" ind1=" " ind2=" ">
                     <marc:subfield code="a">(OCoLC)ocn702250253</marc:subfield>
                  </marc:datafield>
                  <marc:datafield tag="035" ind1=" " ind2=" ">
                     <marc:subfield code="9">(YUL)ead.beinecke.acton</marc:subfield>
                  </marc:datafield>
                  <marc:datafield tag="035" ind1=" " ind2=" ">
                     <marc:subfield code="a">8869893</marc:subfield>
                  </marc:datafield>
                  <marc:datafield tag="040" ind1=" " ind2=" ">
                     <marc:subfield code="a">CtY-BR</marc:subfield>
                     <marc:subfield code="c">CtY-BR</marc:subfield>
                     <marc:subfield code="e">dacs</marc:subfield>
                  </marc:datafield>
                  <marc:datafield tag="041" ind1="1" ind2=" ">
                     <marc:subfield code="a">eng</marc:subfield>
                     <marc:subfield code="a">chi</marc:subfield>
                  </marc:datafield>
                  <marc:datafield tag="079" ind1=" " ind2=" ">
                     <marc:subfield code="a">ocn702196486</marc:subfield>
                  </marc:datafield>
                  <marc:datafield tag="100" ind1="1" ind2=" ">
                     <marc:subfield code="a">Acton, Harold,</marc:subfield>
                     <marc:subfield code="d">1904-1994.</marc:subfield>
                  </marc:datafield>
                  <marc:datafield tag="245" ind1="1" ind2="0">
                     <marc:subfield code="a">Harold Acton papers,</marc:subfield>
                     <marc:subfield code="f">1932-1941.</marc:subfield>
                  </marc:datafield>
                  <marc:datafield tag="300" ind1=" " ind2=" ">
                     <marc:subfield code="a">3.83</marc:subfield>
                     <marc:subfield code="f">linear feet (5 boxes)</marc:subfield>
                  </marc:datafield>
                  <marc:datafield tag="351" ind1=" " ind2=" ">
                     <marc:subfield code="a">Organized into four series: I. Translations and Writings, 1933-1941. II. Correspondence, 1935-1941. III. Other Papers, 1932-1941. IV. Lecture Tour in Italy, 1940.</marc:subfield>
                  </marc:datafield>
                  <marc:datafield tag="545" ind1=" " ind2=" ">
                     <marc:subfield code="a">Harold Acton was a British writer and scholar. His works include The Last Medici (1932), The Bourbons of Naples, 1734-1825 (1956), and two memoirs, Memoirs of an Aesthete (1948) and More Memoirs of an Aesthete (1970).  Acton lived in China from 1933 to 1939, during which time he supported himself by teaching English Literature and collaborated with others to translate various Chinese literary works. His  translations include Glue and Lacquer: Four Cautionary Tales (1941) and the unpublished Popular Chinese Plays. He wrote a novel, Peonies and Ponies (1941), about British expatriate life in Beijing before the Second World War. Acton returned to England in 1939 and shortly thereafter embarked upon a lecture tour of Italy under the auspices of the British Council to promote continuing ties between England and Italy at a time when the two countries were on the verge of war.</marc:subfield>
                  </marc:datafield>
                  <marc:datafield tag="520" ind1=" " ind2=" ">
                     <marc:subfield code="a">The collection consists of manuscript and typescript drafts of Harold Acton's translations of Chinese literary works and his writings; correspondence from Chinese, English, and American scholars and friends; material relating to Acton's lecture tour of Italy; and other papers.  Highlights include the unpublished manuscript for Popular Chinese Plays, as well as correspondence concerning its projected publication by Henry Vetch.  Also included is an annotated typescript and related correspondence for Acton's novel, Peonies and Ponies (1941).  Material sheds light on the development of literary translation between Chinese and English and the influence of China on British intellectual history and literary life during the period preceding the Second World War.</marc:subfield>
                  </marc:datafield>
                  <marc:datafield tag="555" ind1="0" ind2=" ">
                     <marc:subfield code="a">Finding aid available.</marc:subfield>
                  </marc:datafield>
                  <marc:datafield tag="561" ind1=" " ind2=" ">
                     <marc:subfield code="a">Purchased from Simon Finch on the Edwin J.  Beinecke Book Fund, 2009.</marc:subfield>
                  </marc:datafield>
                  <marc:datafield tag="546" ind1=" " ind2=" ">
                     <marc:subfield code="a">In English and Chinese.</marc:subfield>
                  </marc:datafield>
                  <marc:datafield tag="524" ind1=" " ind2=" ">
                     <marc:subfield code="a">Harold Acton Papers.  General Collection, Beinecke Rare Book and Manuscript Library, Yale University.</marc:subfield>
                  </marc:datafield>
                  <marc:datafield tag="588" ind1=" " ind2=" ">
                     <marc:subfield code="a">Copyright 2013 Yale University Library. Licensed under the Educational Community License, Version 2.0 (the "License"); you may not use this file except in compliance with the License. You may obtain a copy of the License at http://www.osedu.org/licenses/ECL-2.0</marc:subfield>
                  </marc:datafield>
                  <marc:datafield tag="600" ind1="1" ind2="0">
                     <marc:subfield code="a">Acton, Harold,</marc:subfield>
                     <marc:subfield code="d">1904-1994.</marc:subfield>
                  </marc:datafield>
                  <marc:datafield tag="600" ind1="1" ind2="0">
                     <marc:subfield code="a">Betjeman, John,</marc:subfield>
                     <marc:subfield code="d">1906-1984.</marc:subfield>
                  </marc:datafield>
                  <marc:datafield tag="600" ind1="1" ind2="0">
                     <marc:subfield code="a">Chen, Shixiang.</marc:subfield>
                  </marc:datafield>
                  <marc:datafield tag="600" ind1="1" ind2="0">
                     <marc:subfield code="a">Colquhoun, Archibald.</marc:subfield>
                  </marc:datafield>
                  <marc:datafield tag="600" ind1="1" ind2="0">
                     <marc:subfield code="a">De Zoete, Beryl,</marc:subfield>
                     <marc:subfield code="d">1884-1962.</marc:subfield>
                  </marc:datafield>
                  <marc:datafield tag="600" ind1="1" ind2="0">
                     <marc:subfield code="a">Dover, Cedric.</marc:subfield>
                  </marc:datafield>
                  <marc:datafield tag="600" ind1="1" ind2="0">
                     <marc:subfield code="a">Harrod, Roy,</marc:subfield>
                     <marc:subfield code="d">1900-1978.</marc:subfield>
                  </marc:datafield>
                  <marc:datafield tag="600" ind1="1" ind2="0">
                     <marc:subfield code="a">Hartnoll, Phyllis.</marc:subfield>
                  </marc:datafield>
                  <marc:datafield tag="600" ind1="1" ind2="0">
                     <marc:subfield code="a">Moore, T. Sturge</marc:subfield>
                     <marc:subfield code="q">(Thomas Sturge),</marc:subfield>
                     <marc:subfield code="d">1870-1944.</marc:subfield>
                  </marc:datafield>
                  <marc:datafield tag="600" ind1="1" ind2="0">
                     <marc:subfield code="a">Sitwell, Osbert,</marc:subfield>
                     <marc:subfield code="d">1892-1969.</marc:subfield>
                  </marc:datafield>
                  <marc:datafield tag="600" ind1="1" ind2="0">
                     <marc:subfield code="a">Waley, Arthur.</marc:subfield>
                  </marc:datafield>
                  <marc:datafield tag="600" ind1="1" ind2="0">
                     <marc:subfield code="a">Xiao, Qian,</marc:subfield>
                     <marc:subfield code="d">1910-</marc:subfield>
                  </marc:datafield>
                  <marc:datafield tag="600" ind1="1" ind2="0">
                     <marc:subfield code="a">Yuan, Jiahua,</marc:subfield>
                     <marc:subfield code="d">1904-</marc:subfield>
                  </marc:datafield>
                  <marc:datafield tag="650" ind1=" " ind2="0">
                     <marc:subfield code="a">Authors, English</marc:subfield>
                     <marc:subfield code="y">20th century</marc:subfield>
                     <marc:subfield code="v">Archives.</marc:subfield>
                  </marc:datafield>
                  <marc:datafield tag="650" ind1=" " ind2="0">
                     <marc:subfield code="a">British literature</marc:subfield>
                     <marc:subfield code="y">20th century.</marc:subfield>
                  </marc:datafield>
                  <marc:datafield tag="650" ind1=" " ind2="0">
                     <marc:subfield code="a">Chinese drama.</marc:subfield>
                  </marc:datafield>
                  <marc:datafield tag="650" ind1=" " ind2="0">
                     <marc:subfield code="a">Chinese literature.</marc:subfield>
                  </marc:datafield>
                  <marc:datafield tag="650" ind1=" " ind2="0">
                     <marc:subfield code="a">Chinese literature</marc:subfield>
                     <marc:subfield code="x">Translation into English.</marc:subfield>
                  </marc:datafield>
                  <marc:datafield tag="650" ind1=" " ind2="0">
                     <marc:subfield code="a">Chinese poetry.</marc:subfield>
                  </marc:datafield>
                  <marc:datafield tag="650" ind1=" " ind2="0">
                     <marc:subfield code="a">Translating and interpreting.</marc:subfield>
                  </marc:datafield>
                  <marc:datafield tag="651" ind1=" " ind2="0">
                     <marc:subfield code="a">England</marc:subfield>
                     <marc:subfield code="x">Foreign relations</marc:subfield>
                     <marc:subfield code="z">Italy.</marc:subfield>
                  </marc:datafield>
                  <marc:datafield tag="651" ind1=" " ind2="0">
                     <marc:subfield code="a">Italy</marc:subfield>
                     <marc:subfield code="x">Foreign relations</marc:subfield>
                     <marc:subfield code="z">England.</marc:subfield>
                  </marc:datafield>
                  <marc:datafield tag="852" ind1=" " ind2=" ">
                     <marc:subfield code="a">Beinecke Rare Book and Manuscript Library, Yale University, New Haven, CT</marc:subfield>
                  </marc:datafield>
                  <marc:datafield tag="856" ind1="4" ind2="2">
                     <marc:subfield code="3">View a description and list of collection contents in the Yale Finding Aid Database.</marc:subfield>
                     <marc:subfield code="u">http://hdl.handle.net/10079/fa/beinecke.acton</marc:subfield>
                  </marc:datafield>
               </marc:record>
            </objectXMLWrap>
         </source>
      </sources>
   </control>
   <cpfDescription>
      <identity>
         <entityType>person</entityType>
         <nameEntry xml:lang="en-Latn">
            <part>Acton, Harold, 1904-1994.</part>
            <authorizedForm>WorldCat</authorizedForm>
         </nameEntry>
      </identity>
      <description>
         <existDates>
            <dateRange>
               <fromDate standardDate="1904"
                         localType="http://socialarchive.iath.virginia.edu/control/term#Birth">1904</fromDate>
               <toDate standardDate="1994"
                       localType="http://socialarchive.iath.virginia.edu/control/term#Death">1994</toDate>
            </dateRange>
         </existDates>
         <localDescription localType="http://socialarchive.iath.virginia.edu/control/term#AssociatedSubject">
            <term>Authors, English--20th century--Archives</term>
         </localDescription>
         <localDescription localType="http://socialarchive.iath.virginia.edu/control/term#AssociatedSubject">
            <term>British literature--20th century</term>
         </localDescription>
         <localDescription localType="http://socialarchive.iath.virginia.edu/control/term#AssociatedSubject">
            <term>Chinese drama</term>
         </localDescription>
         <localDescription localType="http://socialarchive.iath.virginia.edu/control/term#AssociatedSubject">
            <term>Chinese literature</term>
         </localDescription>
         <localDescription localType="http://socialarchive.iath.virginia.edu/control/term#AssociatedSubject">
            <term>Chinese literature--Translation into English</term>
         </localDescription>
         <localDescription localType="http://socialarchive.iath.virginia.edu/control/term#AssociatedSubject">
            <term>Chinese poetry</term>
         </localDescription>
         <localDescription localType="http://socialarchive.iath.virginia.edu/control/term#AssociatedSubject">
            <term>Translating and interpreting</term>
         </localDescription>
         <place localType="http://socialarchive.iath.virginia.edu/control/term#AssociatedPlace">
            <placeEntry>England</placeEntry>
         </place>
         <place localType="http://socialarchive.iath.virginia.edu/control/term#AssociatedPlace">
            <placeEntry>Italy</placeEntry>
         </place>
         <biogHist>
            <p>Harold Acton was a British writer and scholar. His works include The Last Medici (1932), The Bourbons of Naples, 1734-1825 (1956), and two memoirs, Memoirs of an Aesthete (1948) and More Memoirs of an Aesthete (1970). Acton lived in China from 1933 to 1939, during which time he supported himself by teaching English Literature and collaborated with others to translate various Chinese literary works. His translations include Glue and Lacquer: Four Cautionary Tales (1941) and the unpublished Popular Chinese Plays. He wrote a novel, Peonies and Ponies (1941), about British expatriate life in Beijing before the Second World War. Acton returned to England in 1939 and shortly thereafter embarked upon a lecture tour of Italy under the auspices of the British Council to promote continuing ties between England and Italy at a time when the two countries were on the verge of war.</p>
            <citation>From the description of Harold Acton papers, 1932-1941. (Yale University, Beinecke Rare Book and Manuscript Library). WorldCat record id: 8869893</citation>
         </biogHist>
      </description>
      <relations>
         <cpfRelation xmlns:xlink="http://www.w3.org/1999/xlink"
                      xlink:type="simple"
                      xlink:role="http://socialarchive.iath.virginia.edu/control/term#Person"
                      xlink:arcrole="http://socialarchive.iath.virginia.edu/control/term#associatedWith">
            <relationEntry>Betjeman, John, 1906-1984.</relationEntry>
            <descriptiveNote>
               <p>
                  <span localType="http://socialarchive.iath.virginia.edu/control/term#ExtractedRecordId">CtY-BR-8869893.r01</span>
               </p>
            </descriptiveNote>
         </cpfRelation>
         <cpfRelation xmlns:xlink="http://www.w3.org/1999/xlink"
                      xlink:type="simple"
                      xlink:role="http://socialarchive.iath.virginia.edu/control/term#Person"
                      xlink:arcrole="http://socialarchive.iath.virginia.edu/control/term#associatedWith">
            <relationEntry>Chen, Shixiang.</relationEntry>
            <descriptiveNote>
               <p>
                  <span localType="http://socialarchive.iath.virginia.edu/control/term#ExtractedRecordId">CtY-BR-8869893.r02</span>
               </p>
            </descriptiveNote>
         </cpfRelation>
         <cpfRelation xmlns:xlink="http://www.w3.org/1999/xlink"
                      xlink:type="simple"
                      xlink:role="http://socialarchive.iath.virginia.edu/control/term#Person"
                      xlink:arcrole="http://socialarchive.iath.virginia.edu/control/term#associatedWith">
            <relationEntry>Colquhoun, Archibald.</relationEntry>
            <descriptiveNote>
               <p>
                  <span localType="http://socialarchive.iath.virginia.edu/control/term#ExtractedRecordId">CtY-BR-8869893.r03</span>
               </p>
            </descriptiveNote>
         </cpfRelation>
         <cpfRelation xmlns:xlink="http://www.w3.org/1999/xlink"
                      xlink:type="simple"
                      xlink:role="http://socialarchive.iath.virginia.edu/control/term#Person"
                      xlink:arcrole="http://socialarchive.iath.virginia.edu/control/term#associatedWith">
            <relationEntry>De Zoete, Beryl, 1884-1962.</relationEntry>
            <descriptiveNote>
               <p>
                  <span localType="http://socialarchive.iath.virginia.edu/control/term#ExtractedRecordId">CtY-BR-8869893.r04</span>
               </p>
            </descriptiveNote>
         </cpfRelation>
         <cpfRelation xmlns:xlink="http://www.w3.org/1999/xlink"
                      xlink:type="simple"
                      xlink:role="http://socialarchive.iath.virginia.edu/control/term#Person"
                      xlink:arcrole="http://socialarchive.iath.virginia.edu/control/term#associatedWith">
            <relationEntry>Dover, Cedric.</relationEntry>
            <descriptiveNote>
               <p>
                  <span localType="http://socialarchive.iath.virginia.edu/control/term#ExtractedRecordId">CtY-BR-8869893.r05</span>
               </p>
            </descriptiveNote>
         </cpfRelation>
         <cpfRelation xmlns:xlink="http://www.w3.org/1999/xlink"
                      xlink:type="simple"
                      xlink:role="http://socialarchive.iath.virginia.edu/control/term#Person"
                      xlink:arcrole="http://socialarchive.iath.virginia.edu/control/term#associatedWith">
            <relationEntry>Harrod, Roy, 1900-1978.</relationEntry>
            <descriptiveNote>
               <p>
                  <span localType="http://socialarchive.iath.virginia.edu/control/term#ExtractedRecordId">CtY-BR-8869893.r06</span>
               </p>
            </descriptiveNote>
         </cpfRelation>
         <cpfRelation xmlns:xlink="http://www.w3.org/1999/xlink"
                      xlink:type="simple"
                      xlink:role="http://socialarchive.iath.virginia.edu/control/term#Person"
                      xlink:arcrole="http://socialarchive.iath.virginia.edu/control/term#associatedWith">
            <relationEntry>Hartnoll, Phyllis.</relationEntry>
            <descriptiveNote>
               <p>
                  <span localType="http://socialarchive.iath.virginia.edu/control/term#ExtractedRecordId">CtY-BR-8869893.r07</span>
               </p>
            </descriptiveNote>
         </cpfRelation>
         <cpfRelation xmlns:xlink="http://www.w3.org/1999/xlink"
                      xlink:type="simple"
                      xlink:role="http://socialarchive.iath.virginia.edu/control/term#Person"
                      xlink:arcrole="http://socialarchive.iath.virginia.edu/control/term#associatedWith">
            <relationEntry>Moore, T. Sturge (Thomas Sturge), 1870-1944.</relationEntry>
            <descriptiveNote>
               <p>
                  <span localType="http://socialarchive.iath.virginia.edu/control/term#ExtractedRecordId">CtY-BR-8869893.r08</span>
               </p>
            </descriptiveNote>
         </cpfRelation>
         <cpfRelation xmlns:xlink="http://www.w3.org/1999/xlink"
                      xlink:type="simple"
                      xlink:role="http://socialarchive.iath.virginia.edu/control/term#Person"
                      xlink:arcrole="http://socialarchive.iath.virginia.edu/control/term#associatedWith">
            <relationEntry>Sitwell, Osbert, 1892-1969.</relationEntry>
            <descriptiveNote>
               <p>
                  <span localType="http://socialarchive.iath.virginia.edu/control/term#ExtractedRecordId">CtY-BR-8869893.r09</span>
               </p>
            </descriptiveNote>
         </cpfRelation>
         <cpfRelation xmlns:xlink="http://www.w3.org/1999/xlink"
                      xlink:type="simple"
                      xlink:role="http://socialarchive.iath.virginia.edu/control/term#Person"
                      xlink:arcrole="http://socialarchive.iath.virginia.edu/control/term#associatedWith">
            <relationEntry>Waley, Arthur.</relationEntry>
            <descriptiveNote>
               <p>
                  <span localType="http://socialarchive.iath.virginia.edu/control/term#ExtractedRecordId">CtY-BR-8869893.r10</span>
               </p>
            </descriptiveNote>
         </cpfRelation>
         <cpfRelation xmlns:xlink="http://www.w3.org/1999/xlink"
                      xlink:type="simple"
                      xlink:role="http://socialarchive.iath.virginia.edu/control/term#Person"
                      xlink:arcrole="http://socialarchive.iath.virginia.edu/control/term#associatedWith">
            <relationEntry>Xiao, Qian, 1910-</relationEntry>
            <descriptiveNote>
               <p>
                  <span localType="http://socialarchive.iath.virginia.edu/control/term#ExtractedRecordId">CtY-BR-8869893.r11</span>
               </p>
            </descriptiveNote>
         </cpfRelation>
         <cpfRelation xmlns:xlink="http://www.w3.org/1999/xlink"
                      xlink:type="simple"
                      xlink:role="http://socialarchive.iath.virginia.edu/control/term#Person"
                      xlink:arcrole="http://socialarchive.iath.virginia.edu/control/term#associatedWith">
            <relationEntry>Yuan, Jiahua, 1904-</relationEntry>
            <descriptiveNote>
               <p>
                  <span localType="http://socialarchive.iath.virginia.edu/control/term#ExtractedRecordId">CtY-BR-8869893.r12</span>
               </p>
            </descriptiveNote>
         </cpfRelation>
         <resourceRelation xmlns:xlink="http://www.w3.org/1999/xlink"
                           xlink:arcrole="http://socialarchive.iath.virginia.edu/control/term#creatorOf"
                           xlink:role="http://socialarchive.iath.virginia.edu/control/term#ArchivalResource"
                           xlink:type="simple"
                           xlink:href="http://www.worldcat.org/oclc/8869893">
            <relationEntry>Acton, Harold, 1904-1994. Harold Acton papers, 1932-1941.</relationEntry>
            <objectXMLWrap>
               <mods xmlns="http://www.loc.gov/mods/v3">
                  <recordInfo>
                     <recordOrigin>WorldCat:8869893</recordOrigin>
                     <recordContentSource>ISIL:CtY-BR</recordContentSource>
                  </recordInfo>
                  <name>
                     <namePart>Acton, Harold, 1904-1994.</namePart>
                     <role>
                        <roleTerm valueURI="http://id.loc.gov/vocabulary/relators/cre">Creator</roleTerm>
                     </role>
                  </name>
                  <titleInfo>
                     <title>Harold Acton papers, 1932-1941.</title>
                  </titleInfo>
                  <abstract>The collection consists of manuscript and typescript drafts of Harold Acton's translations of Chinese literary works and his writings; correspondence from Chinese, English, and American scholars and friends; material relating to Acton's lecture tour of Italy; and other papers.  Highlights include the unpublished manuscript for Popular Chinese Plays, as well as correspondence concerning its projected publication by Henry Vetch.  Also included is an annotated typescript and related correspondence for Acton's novel, Peonies and Ponies (1941).  Material sheds light on the development of literary translation between Chinese and English and the influence of China on British intellectual history and literary life during the period preceding the Second World War. </abstract>
                  <name>
                     <namePart>Yale University, Beinecke Rare Book and Manuscript Library</namePart>
                     <role>
                        <roleTerm valueURI="http://id.loc.gov/vocabulary/relators/rps">Repository</roleTerm>
                     </role>
                  </name>
               </mods>
            </objectXMLWrap>
            <descriptiveNote>
               <p>
                  <span localType="http://socialarchive.iath.virginia.edu/control/term#Leader06">p</span>
                  <span localType="http://socialarchive.iath.virginia.edu/control/term#Leader07">c</span>
                  <span localType="http://socialarchive.iath.virginia.edu/control/term#Leader08">a</span>
               </p>
            </descriptiveNote>
         </resourceRelation>
      </relations>
   </cpfDescription>
</eac-cpf>
